@misc{china_times_2019,
  author = {{China Times}},
  title = {https://www.chinatimes.com/newspapers/20190304000187-260309?chdtv},
  year = {2019},
  howpublished = {\url{https://www.chinatimes.com/newspapers/20190304000187-260309?chdtv}},
}

@misc{cna_2022,
  author = {{Central News Agency}},
  title = {https://www.cna.com.tw/news/asoc/202210030248.aspx},
  year = {2022},
  howpublished = {\url{https://www.cna.com.tw/news/asoc/202210030248.aspx}},
}

@misc{taichung_2020,
  author = {{Taichung Government}},
  title = {https://www.taichung.gov.tw/1783403/post},
  year = {2020},
  howpublished = {\url{https://www.taichung.gov.tw/1783403/post}},
}

@misc{taipei_gis_2020,
  author = {{Taipei City Government GIS}},
  title = {https://gis.gov.taipei},
  year = {2020},
  howpublished = {\url{https://gis.gov.taipei}},
}

@book{zhao_2013,
  author = {趙健哲 and 鄭傑文 and 陳詹閔 and 王匯智 and 林義乾 and 莊子毅 and 鄭傑中 and 彭念豪},
  title = {航空攝影測量學講義},
  year = {2013},
  month = {09},
  publisher = {中華民國地籍測量學會},
}

@mastersthesis{cao_2018,
  author = {曹博舜},
  title = {以保距空拍影像拼接提供地面物件定位},
  school = {國立交通大學},
  year = {2018},
}

@misc{egnss_2020,
  author = {內政部國土測繪中心},
  title = {e-GNSS 即時動態定位系統入口網站},
  year = {2020},
  howpublished = {\url{https://egnss.nlsc.gov.tw}},
}

@article{ren_2015,
  author = {S. Ren and K. He and R. Girshick and J. Sun},
  title = {Faster R-CNN: Towards real-time object detection with region proposal networks},
  journal = {arXiv:1506.01497 [cs.CV]},
  year = {2015},
}

@misc{jocher_2023,
  author = {Jocher, G. and Chaurasia, A. and Qiu, J.},
  title = {YOLO by Ultralytics},
  year = {2023},
  howpublished = {\url{https://github.com/ultralytics/ultralytics}},
  note = {accessed on 12 January 2023},
}

@misc{mavproxy_2023,
  author = {MAVProxy - ARDUPILOT},
  title = {MAVProxy - ARDUPILOT},
  year = {2023},
  howpublished = {\url{https://ardupilot.org/mavproxy/}},
}

@misc{pixhawk_2023,
  author = {Pixhawk},
  title = {Pixhawk 2.1 Cube Mission Planner Voltage and Current Problem},
  year = {2023},
  howpublished = {\url{https://discuss.px4.io/t/pixhawk-2-1-cube-mission-planner-voltage-and-current-problem/8178}},
}

@article{lin_2001,
  author = {Sheng-Fuu Lin and Jaw-Yeh Chen and Hung-Xin Chao},
  title = {Estimation of number of people in crowded scenes using perspective transformation},
  journal = {IEEE},
  volume = {31},
  number = {6},
  year = {2001},
}

@misc{wang_2020,
  author = {王祥宇},
  title = {關於透視變換原理及應用},
  year = {2020},
  howpublished = {\url{https://www.tpisoftware.com/tpu/articleDetails/1977}},
}

@misc{qgis_2020,
  author = {{QGIS}},
  title = {QGIS Official Website},
  year = {2020},
  howpublished = {\url{https://qgis.org/en/site/about/index.html}},
}
